@online{ssh-cisco,
note={Настройка SSH в Cisco // Хабр URL:
                  \url{https://habr.com/ru/articles/68262/} (дата
                  обращения: 24.12.2023)}
}

@online{stp-for-small,
note={Сети для самых маленьких. Часть четвертая. STP // Хабр URL:
                  \url{https://habr.com/ru/articles/143768/} (дата
                  обращения: 24.12.2023)}
}
	
@online{cisco-etherchannel,
note={Основы компьютерных сетей. Тема №8. Протокол агрегирования
                  каналов: Etherchannel // Хабр URL:
                  \url{https://habr.com/ru/articles/334778/} (дата
                  обращения 24.12.2023)}
}

@online{rsa,
note={Криптография с открытым ключом: ключи RSA // Хабр URL:
                  \url{https://habr.com/ru/articles/767750/} (дата
                  обращения: 24.12.2023)}
}

@online{apache-vs-nginx,
note={Apache vs Nginx: практический взгляд // Хабр URL:
                  \url{https://habr.com/ru/articles/267721/} (дата
                  обращения 24.12.2023)}
}
	
@online{dscp-value,
note={Приоритет IP и значения DSCP в QoS (Quality of Service) // Блог
                  SEDICOMM URL:
                  \url{ttps://blog.sedicomm.com/2021/10/25/prioritet-ip-i-znacheniya-dscp-v-qos-quality-of-service/} (дата обращения: 24.12.2023}
}
	
@online{habr-routing,
title={Основы компьютерных сетей. Тема №9. Маршрутизация: статическая и динамическая на примере RIP, OSPF и EIGRP},
journal={Хабр},
url={https://habr.com/ru/articles/335090/},
urldate={2023-05-24}
}

@online{tcp-mech,
title={Внутренние механизмы ТСР, влияющие на скорость загрузки: часть 1},
journal={Хабр},
url={https://habr.com/ru/company/webo/blog/326258/},
urldate={2023-05-24}
}

@book{comp-network-olipher,
title={Компьютерные сети: принципы, технологии, протоколы},
author={Виктор Григорьевич Олифер},
year={2021},
pages={1050}
}

@book{query-theory,
note={Жан Вальран, Шьям Парех Коммуникационные сети: краткое
                  введение. - М.: ДМК Пресс, 2023. - 268 с.}
}
